@phdthesis{becker2011,
author = {Becker, Stephen R},
school = {California Institute of Technology},
title = {{Practical compressed sensing: modern data acquisition and signal processing}},
year = {2011}
}
@article{Chernyakova2014,
author = {Chernyakova, Tanya and Eldar, Yonina},
issn = {08853010},
journal = {IEEE Trans. Ultrason. Ferroelectr. Freq. Control},
number = {8},
pages = {1252--1267},
title = {{Fourier-domain beamforming: The path to compressed ultrasound imaging}},
volume = {61},
year = {2014}
}
@article{kim2012,
author = {Kim, Youngchun and Guo, Wenjuan and Gowreesunker, B Vikrham and Sun, Nan and Tewfik, Ahmed H},
journal = {{IEEE} J. Emerg. Sel. Top. Circuits Syst.},
number = {3},
pages = {470--481},
title = {{Multi-channel sparse data conversion with a single analog-to-digital converter}},
volume = {2},
year = {2012}
}
@inproceedings{naini2009,
author = {Naini, Farid M and Gribonval, R{\'{e}}mi and Jacques, Laurent and Vandergheynst, Pierre},
booktitle = {2009 IEEE Int. Conf. Acoust. Speech Signal Process.},
pages = {2877--2880},
title = {{Compressive sampling of pulse trains: Spread the spectrum!}},
year = {2009}
}
@inproceedings{slavinsky2011,
author = {Slavinsky, John P and Laska, Jason N and Davenport, Mark A and Baraniuk, Richard G},
booktitle = {2011 IEEE Int. Conf. Acoust. Speech Signal Process.},
pages = {3980--3983},
title = {{The compressive multiplexer for multi-channel compressive sensing}},
year = {2011}
}
@book{szabo2014,
author = {Szabo, Thomas L},
publisher = {Elsevier},
title = {{Diagnostic Ultrasound Imaging: Inside Out, second edition}},
year = {2014}
}
@article{tropp2010,
author = {Tropp, Joel A and Laska, Jason N and Duarte, Marco F and Romberg, Justin K and Baraniuk, Richard G},
journal = {IEEE Trans. Inf. Theory},
number = {1},
pages = {520--544},
title = {{Beyond Nyquist: Efficient sampling of sparse bandlimited signals}},
volume = {56},
year = {2010}
}
@inproceedings{combettes2014,
author = {Combettes, P. L. and Condat, L. and Pesquet, J.-C. and Vu, B. C.},
booktitle = {2014 IEEE Int. Conf. Image Process.},
pages = {4141--4145},
title = {{A forward-backward view of some primal-dual optimization methods in image recovery}},
year = {2014}
}
@article{jensen1992,
author = {Jensen, J.A. and Svendsen, N.B.},
doi = {10.1109/58.139123},
issn = {0885-3010},
journal = {IEEE Trans. Ultrason. Ferroelectr. Freq. Control},
number = {2},
pages = {262--267},
title = {{Calculation of pressure fields from arbitrarily shaped, apodized, and excited ultrasound transducers}},
volume = {39},
year = {1992}
}
